@article{Rahman_1964,
	doi = {10.1103/physrev.136.a405},
	url = {https://doi.org/10.1103%2Fphysrev.136.a405},
	year = 1964,
	month = {oct},
	publisher = {American Physical Society ({APS})},
	volume = {136},
	number = {2A},
	pages = {A405--A411},
	author = {Rahman, Aneesur},
	title = {Correlations in the Motion of Atoms in Liquid Argon},
	journal = {Physical Review}
}
